<?xml version="1.0" encoding="UTF-8"?><collection xmlns="http://www.loc.gov/MARC21/slim"><record><leader>00590nam--2200193-i-4500</leader><controlfield tag="001">000008870</controlfield><controlfield tag="002">20161230</controlfield><controlfield tag="005">20161230201028</controlfield><controlfield tag="008">060222s1000------------r-----000-0-rum-d</controlfield><datafield ind1=" " ind2=" " tag="040"><subfield code="a">IFIN-HH</subfield></datafield><datafield ind1=" " ind2=" " tag="041"><subfield code="a">rum</subfield></datafield><datafield ind1=" " ind2=" " tag="080"><subfield code="a">539.1(081)</subfield></datafield><datafield ind1="1" ind2=" " tag="100"><subfield code="a">Bohr, Niels</subfield></datafield><datafield ind1="1" ind2="0" tag="245"><subfield code="a">Fizica atomica si cunoasterea umana</subfield><subfield code="b">Cu un cuvant inainte de prog.dr.docent radu titeica</subfield><subfield code="c">Niels bohr</subfield></datafield><datafield ind1=" " ind2=" " tag="260"><subfield code="a">Bucuresti</subfield><subfield code="b">Editura Stiintifica</subfield><subfield code="c">1969</subfield></datafield><datafield ind1=" " ind2=" " tag="300"><subfield code="a">130 P</subfield></datafield><datafield ind1=" " ind2=" " tag="500"><subfield code="a">Titlul Original In Limba Engleza: Atomic Physics And Human Knowledge</subfield></datafield><datafield ind1=" " ind2=" " tag="852"><subfield code="a">30605</subfield><subfield code="c">539</subfield></datafield><datafield ind1=" " ind2=" " tag="CAT"><subfield code="a">Sys</subfield><subfield code="c">20111005</subfield><subfield code="h">162216</subfield></datafield></record></collection>